3240 5116
360 964 414 1067 Q.
457 963 788 1051 HORATII
831 968 1106 1059 FLACCI

622 1210 848 1341 VITA,

722 1466 743 1511 u

554 1640 910 1722 SUE'I'ONIO.

116 2127 368 2214 QUINTUS
396 2127 684 2202 HORATIUS
712 2128 970 2215 FLACCUS,
1002 2130 1204 2216 Verrucium,
1227 2140 1346 2225 patre,

112 2264 152 2323 nt
177 2252 252 2348 ipae
277 2253 413 2348 quidem
439 2254 563 2340 tradit,
591 2254 766 2340 libertino,
793 2266 828 2326 et
853 2254 1072 2325 exactionum
1097 2265 1280 2327 coactura:
1306 2266 1344 2324 nt

111 2375 193 2447 oerd
215 2376 384 2449 creditam
413 2389 477 2465 est,
501 2378 791 2450 schamenlorio:
815 2402 918 2473 qaum
940 2376 995 2448 illi
1016 2377 1155 2473 qnidam
1179 2377 1215 2448 in
1238 2376 1345 2448 oller·

111 2498 249 2571 colione
264 2499 520 2595 exprobrant,
533 2502 688 2584 Quoties
702 2524 772 2597 ego
789 2499 862 2573 vidi
880 2508 1021 2597 patrem
1039 2508 1146 2572 tuum
1163 2499 1287 2572 cubito
1305 2523 1344 2571 se

112 2628 396 2721 emungentemt
450 2625 556 2697 Bello
573 2625 794 2721 Philippensi
820 2625 953 2697 eccitm
976 2621 1001 2695 d
1017 2622 1074 2696 M.
1092 2623 1210 2695 Bruto
1229 2623 1345 2718 Impe-

111 2758 243 2833 ratore,
281 2748 454 2820 Tribunus
485 2749 633 2821 militnm
663 2749 812 2821 oaeroit:
841 2748 1006 2845 victisque
1035 2746 1211 2845 partibus,
1241 2744 1343 2819 veniri

111 2871 313 2966 impetrent,
329 2873 496 2968 cereptum
511 2874 746 2958 Qaoestoriam
763 2873 978 2968 comparauit
988 2898 1001 2941 .·
1024 2896 1067 2943 ue
1078 2870 1196 2966 primd
1210 2870 1343 2943 Moece·

110 2995 199 3080 noti,
224 3019 306 3067 moc
321 2995 488 3094 Angusto
513 2999 550 3069 in
574 2996 735 3094 gratiam
759 2995 966 3082 imittuntur,
992 3020 1059 3066 non
1083 2994 1286 3067 mediocrem
1304 2996 1339 3066 iu

111 3118 287 3191 anchorum
317 3121 474 3193 amicitid
503 3123 614 3193 locum
644 3123 764 3193 temnit.
817 3120 997 3191 Moecenos
1026 3114 1239 3215 quantopere?
1266 3141 1341 3189 enm

110 3242 285 3331 dilexerit,
303 3246 390 3317 sotis
407 3246 664 3318 demonstrator
680 3244 742 3315 illo
759 3244 1045 3341 Epigrammato,

429 3418 469 3477 Ni
484 3431 512 3478 te
526 3418 686 3477 visceribus
698 3419 780 3488 meis,
794 3417 909 3487 Horati,

433 3523 503 3582 Plus
513 3523 576 3601 jam
590 3523 689 3602 diligo,
703 3538 736 3582 tu
750 3534 832 3581 tuum
845 3521 974 3580 sodalem

432 3627 532 3687 Hinno
544 3647 591 3688 me
605 3629 704 3687 videus
716 3627 923 3705 strigosiorem.

107 3778 179 3848 Sed
193 3779 304 3851 multo*
320 3781 436 3877 magio
452 3785 629 3869 extremis,
653 3783 719 3853 toli
742 3782 792 3854 nd
806 3781 1009 3878 Augustum
1026 3779 1140 3876 elogio
1151 3805 1164 3848 .·
1192 3777 1336 3851 Horatii

106 3898 239 3988 Flacci,
259 3911 302 3975 ut
325 3904 410 3990 mei,
434 3914 514 3979 esto
537 3928 689 3979 memor.
741 3906 927 4003 Aagtutm
943 3902 1188 3999 Epistularum
1206 3926 1337 3997 quoqne

105 4024 136 4095 ei
156 4026 306 4122 officinm
330 4028 467 4118 oltnlit,
493 4043 533 4103 nt
566 4032 629 4104 leoc
655 4032 705 4105 od
728 4031 960 4104 Maecenatem
982 4028 1112 4123 scripto
1135 4024 1337 4121 significat:

105 4149 202 4222 Ante
224 4151 302 4246 ipse
325 4153 547 4229 sufficiebam
573 4155 770 4228 scribendis
798 4152 960 4252 epistolis
987 4150 1208 4225 amicorum:
1235 4171 1334 4222 nunc

103 4275 404 4371 occupatissimus
423 4288 461 4351 et
482 4279 650 4352 infirmus
669 4279 866 4353 Horatium
887 4285 1055 4350 nostrum
1080 4282 1117 4347 te
1140 4272 1248 4370 cupio
1272 4272 1336 4346 ad·

102 4396 246 4472 ducere.
309 4401 442 4475 Veniet
469 4401 580 4499 igitur
607 4389 653 4476 ab
680 4402 751 4476 ists
781 4399 974 4499 parasitica
1003 4398 1132 4473 mensi
1161 4396 1208 4471 ad
1238 4396 1333 4471 hauc

101 4523 249 4619 regiam,
266 4535 303 4598 et
322 4551 390 4602 nos
407 4529 443 4601 iu
461 4528 622 4626 epistolis
639 4526 840 4602 scribendis
857 4524 1053 4623 adjuvabit.
1105 4524 1163 4597 Ac
1180 4548 1221 4595 ne
1238 4547 1335 4594 reeu-

915 4654 958 4721 13
