3240 5116
244 361 277 422 vi
693 361 888 425 HORATII
910 360 1029 426 VITA,

249 539 343 613 cauti
371 539 507 637 quidem
533 552 597 614 aut
625 541 816 619 nuceucuit
846 543 1039 640 quicquum,
1070 552 1132 614 aut
1163 541 1355 615 amicitiam
1381 565 1482 614 suum
1613 626 1614 651 χ

248 687 440 762 suggerere
472 664 616 737 destitit.
681 666 824 740 Ectaut
858 669 1026 764 epistole,
1060 665 1081 739 i
1112 666 1248 764 quibus,
1282 663 1482 764 argumenti

247 785 386 885 gratid,
397 812 515 883 pauca
529 788 667 885 subjeci.
721 791 833 863 Sume
851 790 917 865 tibi
934 789 1072 886 aliquid
1083 788 1177 886 juris
1194 789 1293 888 apud
1309 813 1382 877 me,
1399 796 1483 861 tan·
1613 778 1614 841 l

252 933 364 1007 quem
390 910 421 984 si
444 911 633 985 convictor
649 910 747 985 mihi
767 911 890 987 fueris.
940 913 1058 987 Recti
1074 913 1173 986 enim
1191 920 1229 987 et
1245 936 1322 987 non
1341 913 1483 986 temere

250 1032 392 1123 feceris,
410 1034 584 1131 quoniam
600 1035 638 1108 id
656 1035 744 1109 usds
760 1035 851 1109 mihi
871 1044 997 1110 tecum
1021 1060 1101 1111 esse
1118 1036 1230 1125 volui,
1254 1036 1285 1110 si
1301 1058 1368 1133 per
1384 1034 1485 1110 vale·

251 1156 418 1231 tudinem
435 1166 539 1232 tuam
551 1157 630 1232 fieri
645 1167 781 1255 posset.
824 1160 878 1232 Et
895 1184 1040 1235 rursus:
1067 1160 1141 1233 Tui
1159 1159 1306 1255 qualem
1322 1159 1482 1232 habeam
1613 1150 1614 1157 '

252 1279 480 1368 memoriam,
494 1282 631 1379 poteris
649 1306 696 1355 ex
715 1280 892 1380 Septimio
910 1306 1058 1381 quoque
1074 1291 1204 1357 nostro
1221 1281 1368 1356 audire:
1393 1303 1484 1354 nam

251 1402 380 1479 incidit
393 1412 435 1477 ut
452 1427 577 1478 coram
593 1405 656 1479 illo
669 1405 774 1478 fieret
791 1407 890 1479 ime
906 1406 963 1480 tui
980 1407 1130 1481 mentio.
1175 1407 1308 1502 Neque
1325 1404 1436 1491 enim,
1452 1403 1485 1476 si

253 1536 297 1601 tu
319 1528 498 1624 superbus
520 1527 716 1601 amicitiam
739 1535 903 1602 nostram
928 1531 1109 1627 sprevisti,
1130 1530 1214 1604 ideo
1236 1551 1306 1602 nos
1334 1550 1484 1624 quoque

253 1650 584 1748 ιἰνθυπερφρονοῦμεν.
626 1653 810 1725 Proeterca
825 1677 917 1747 eoepe
934 1678 1022 1739 cum,
1039 1654 1131 1726 iuter
1143 1653 1232 1724 atim
1238 1653 1353 1748 jocos,
1369 1650 1485 1747 putis-

254 1774 387 1848 simum
404 1799 539 1873 penem
556 1783 594 1849 et
610 1774 896 1891 homuncionem
913 1773 1177 1872 lepidissimum
1194 1774 1375 1870 appellat:
1397 1770 1486 1845 umi—
1613 1800 1614 1839 i

255 1910 381 1994 quaet
409 1897 527 1971 alterii
556 1897 768 1971 liberalitate
796 1897 1029 1994 locupletavit.
1081 1898 1226 1994 Scripta
1250 1896 1387 1994 quidem
1410 1894 1485 1990 pm
1613 1974 1614 1997 χ

253 2047 360 2118 usque
387 2020 476 2094 adei
498 2019 676 2125 probauit,
699 2044 930 2119 mansuraque
952 2021 1125 2119 perpetui
1153 2020 1313 2107 credidit,
1346 2030 1387 2090 ut
1416 2042 1484 2091 uon

255 2142 357 2216 modi
370 2142 547 2215 Seculare
563 2141 714 2215 Carmen
729 2143 997 2238 componendum
1013 2144 1217 2239 irp'uuaerit,
1229 2142 1292 2215 sed
1302 2154 1337 2215 et
1357 2140 1487 2215 Viude·

257 2267 360 2340 licum
378 2267 559 2339 uictoriam
582 2266 714 2339 Tiberii
730 2267 922 2363 Drusique,
944 2268 1190 2366 privignorum
1205 2290 1345 2339 suorum
1355 2292 1371 2348 ;
1395 2288 1487 2337 eum

255 2416 321 2486 que
333 2389 488 2488 raigerit
498 2402 648 2487 propter
660 2391 737 2479 icoc,
755 2391 866 2465 tribue
878 2391 1069 2465 carminum
1088 2390 1187 2464 libris
1203 2414 1249 2463 en
1261 2389 1366 2486 limgo
1380 2388 1487 2460 iater-

256 2513 349 2586 aullo
372 2525 534 2610 quartum
561 2514 700 2587 addere.
751 2515 840 2587 Post
866 2539 1038 2588 sermones
1065 2513 1147 2587 aeri
1176 2513 1282 2586 lectos
1308 2511 1487 2609 quosdam,

257 2636 390 2708 nullam
408 2637 463 2709 sui
486 2638 690 2711 mentionem
705 2637 848 2734 sactum
866 2638 919 2711 itu
936 2640 983 2712 sit
1002 2650 1160 2735 questus:
1185 2637 1327 2711 Iratum
1344 2659 1404 2708 me
1421 2634 1488 2707 tibi

262 2759 368 2847 scito,
379 2758 478 2856 quod
496 2783 571 2832 non
589 2760 627 2833 in
643 2761 827 2858 plerisque
845 2760 1024 2858 ejusmodi
1042 2759 1186 2859 scriptis
1202 2782 1327 2833 meum
1344 2757 1489 2856 potissi·

259 2887 363 2957 mum
379 2882 551 2981 loquaris.
603 2885 662 2958 An
679 2884 815 2960 vereris
832 2910 880 2958 ne
897 2883 996 2983 apud
1012 2894 1180 2983 posteros
1197 2882 1332 2957 infame
1345 2881 1411 2955 tibi
1428 2880 1488 2967 sit,

198 3039 208 3052 ·
259 3008 360 3105 quod
377 3009 533 3084 videaris
555 3008 741 3084 familiaris
761 3009 866 3085 nobis
891 3013 999 3083 esset
1024 3008 1280 3107 Expressitque
1298 3006 1489 3103 Eclogam,

260 3136 358 3231 cujus
375 3135 512 3209 initium
529 3146 582 3209 eet
591 3161 606 3216 ;

481 3384 582 3452 Quum
597 3397 640 3445 tot
653 3387 795 3447 sustineus
809 3400 840 3446 et
852 3398 933 3447 tanta
946 3388 1064 3465 negotia
1074 3388 1164 3457 solue,

480 3490 542 3549 Res
556 3490 646 3550 Italas
659 3491 748 3550 armis
761 3491 875 3562 tuteris,
886 3491 1016 3551 moribus
1030 3510 1126 3560 ornes,

479 3594 610 3673 Legibus
624 3596 778 3656 emendes:
799 3597 828 3655 in
840 3596 957 3674 publica
970 3594 1123 3654 commoda
1136 3611 1264 3671 peccem,

481 3700 514 3759 Si
528 3700 616 3779 longo
629 3720 763 3760 sermone
776 3720 873 3760 morer
888 3715 938 3759 tua
950 3712 1091 3778 tempora,
1105 3696 1215 3757 Caesar.

258 3879 400 3952 Habitu
422 3879 577 3974 corporis
600 3878 710 3954 brevis
726 3879 817 3976 suit,
840 3892 944 3977 atque
961 3879 1104 3962 obessem
1132 3877 1247 3974 qualis
1270 3886 1305 3947 et
1329 3871 1493 3945 docmate

259 4004 334 4100 ipso
368 4004 405 4076 iu
435 4003 577 4102 Satyris
607 4003 825 4092 describitur,
866 4016 901 4077 et
933 4003 978 4076 ab
1006 4004 1172 4101 Augusto
1201 3998 1267 4073 luic
1298 3992 1492 4093 Epistola:

261 4126 416 4201 Pertulit
445 4126 493 4200 ad
523 4150 583 4199 me
615 4125 814 4224 Dionysius
843 4125 1008 4200 libellum
1037 4136 1157 4214 tuum,
1186 4146 1297 4220 quem
1327 4143 1397 4217 ego
1427 4119 1493 4212 (ne

259 4275 430 4325 accusem
458 4252 692 4347 brevitatem)
724 4240 1071 4347 quantuluscunque
1102 4258 1171 4336 cst,
1205 4245 1294 4320 boni
1328 4240 1494 4317 consulo.

260 4375 388 4448 Vereri
414 4385 539 4451 autem
561 4377 651 4451 mihi
669 4376 802 4451 videris
824 4401 872 4450 ne
895 4374 1054 4474 majores
1070 4372 1182 4448 libelli
1201 4370 1255 4445 tui
1277 4368 1363 4454 sint,
1381 4368 1495 4462 quim

258 4500 336 4598 ipse
361 4524 414 4588 es,
441 4502 506 4575 sed
531 4501 562 4575 si
585 4502 651 4574 tibi
673 4508 814 4577 statura
841 4502 957 4590 deest,
985 4498 1248 4598 corpusculum
1274 4519 1351 4570 non
1377 4492 1494 4568 deest.
